<?xml version="1.0" encoding="UTF-8"?><collection xmlns="http://www.loc.gov/MARC21/slim"><record><leader>00609nam--2200169-i-4500</leader><controlfield tag="001">000033998</controlfield><controlfield tag="002">20161230</controlfield><controlfield tag="005">20161230201039</controlfield><controlfield tag="008">060222s1000------------r-----000-0-eng-d</controlfield><datafield ind1=" " ind2=" " tag="040"><subfield code="a">IFIN-HH</subfield></datafield><datafield ind1=" " ind2=" " tag="080"><subfield code="a">533.9</subfield></datafield><datafield ind1="1" ind2=" " tag="100"><subfield code="a">Menzel, D.H</subfield></datafield><datafield ind1="1" ind2="0" tag="245"><subfield code="a">Selected papers on physical processes in ionized plasmas</subfield><subfield code="b">Theory of Hydrogenic Spectra, Physical Processes in Gaseous Nebulae, Ierpretation of Nebular Spectra, Intensities of "Forbiden" Spectral Lines</subfield><subfield code="c">D.H. MENZEL (Ed.)</subfield></datafield><datafield ind1=" " ind2=" " tag="260"><subfield code="a">New York, Dover Publications, Inc., 1962</subfield></datafield><datafield ind1=" " ind2=" " tag="300"><subfield code="a">VIII+374P</subfield></datafield><datafield ind1=" " ind2=" " tag="852"><subfield code="a">18592</subfield><subfield code="c">533.9</subfield></datafield><datafield ind1=" " ind2=" " tag="CAT"><subfield code="a">Sys</subfield><subfield code="c">20100922</subfield><subfield code="h">090059</subfield></datafield></record></collection>